<?xml version="1.0" encoding="UTF-8"?><record xmlns="http://www.loc.gov/MARC21/slim" xmlns:cinclude="http://apache.org/cocoon/include/1.0" xmlns:zs="http://www.loc.gov/zing/srw/">
  <leader>00941nz  a2200205n  4500</leader>
  <controlfield tag="001">nb2015024023</controlfield>
  <controlfield tag="003">DLC</controlfield>
  <controlfield tag="005">20151211050906.0</controlfield>
  <controlfield tag="008">151210n| azannaabn          |n ana      </controlfield>
  <datafield tag="010" ind1=" " ind2=" ">
    <subfield code="a">nb2015024023</subfield>
  </datafield>
  <datafield tag="035" ind1=" " ind2=" ">
    <subfield code="a">(Uk)009505822</subfield>
  </datafield>
  <datafield tag="040" ind1=" " ind2=" ">
    <subfield code="a">Uk</subfield>
    <subfield code="b">eng</subfield>
    <subfield code="e">rda</subfield>
    <subfield code="c">Uk</subfield>
  </datafield>
  <datafield tag="046" ind1=" " ind2=" ">
    <subfield code="s">2010-12</subfield>
    <subfield code="t">2010-12</subfield>
    <subfield code="2">edtf</subfield>
  </datafield>
  <datafield tag="111" ind1="2" ind2=" ">
    <subfield code="a">Humanism and Revolution: Eighteenth-Century Europe and Its Transatlantic Legacy (Conference)</subfield>
    <subfield code="d">(2010 :</subfield>
    <subfield code="c">Rice University)</subfield>
  </datafield>
  <datafield tag="368" ind1=" " ind2=" ">
    <subfield code="a">Congresses and conventions</subfield>
    <subfield code="2">lcsh</subfield>
  </datafield>
  <datafield tag="370" ind1=" " ind2=" ">
    <subfield code="e">Houston (Tex.)</subfield>
    <subfield code="2">naf</subfield>
  </datafield>
  <datafield tag="372" ind1=" " ind2=" ">
    <subfield code="a">Humanism</subfield>
    <subfield code="a">Revolutions</subfield>
    <subfield code="a">Europe--Civilization--18th century</subfield>
    <subfield code="2">lcsh</subfield>
  </datafield>
  <datafield tag="373" ind1=" " ind2=" ">
    <subfield code="a">Rice University. Department of German Studies</subfield>
  </datafield>
  <datafield tag="377" ind1=" " ind2=" ">
    <subfield code="a">eng</subfield>
  </datafield>
  <datafield tag="670" ind1=" " ind2=" ">
    <subfield code="a">Humanismus und Antikerezeption im 18. Jahrhundert, [2015]:</subfield>
    <subfield code="b">acknowledgements (the international conference Humanism and Revolution: Eighteenth-Century Europe and Its Transatlantic Legacy hosted in December 2010 by Rice University's Department of German Studies)</subfield>
  </datafield>
</record>